@article{stillwagon1988topo,
  author = {Stillwagon,L. E.  and Larson,R. G. },
  title = {Fundamentals of topographic substrate leveling},
  journal = {Journal of Applied Physics},
  volume = {63},
  number = {11},
  pages = {5251-5258},
  year = {1988},
  doi = {10.1063/1.340388}
}

@book{veremieiev2011gravity,
  title={Gravity-driven continuous thin film flow over topography},
  author={Veremieiev, Sergii},
  year={2011},
  publisher={University of Leeds}
}

@article{kalliadasis2000steady,
  title={Steady free-surface thin film flows over topography},
  author={Kalliadasis, Serafim and Bielarz, Catherine and Homsy, GM},
  journal={Physics of Fluids},
  volume={12},
  number={8},
  pages={1889--1898},
  year={2000},
  publisher={American Institute of Physics}
}

@article{kondic2003instabilities,
  title={Instabilities in gravity driven flow of thin fluid films},
  author={Kondic, Lou},
  journal={Siam review},
  volume={45},
  number={1},
  pages={95--115},
  year={2003},
  publisher={SIAM}, 
  doi={10.1137/S003614450240135}, 
  URL={https://doi.org/10.1137/S003614450240135}
}

@article{shiokawa1994saw, 
  title={The Dynamics of SAW Streaming and its Application to Fluid Devices}, 
  volume={360}, 
  DOI={10.1557/PROC-360-53},
  journal={MRS Proceedings}, 
  publisher={Cambridge University Press}, 
  author={Shiokawa, Showko and Matsui, Yoshikazu}, 
  year={1994}, 
  pages={53}
}

@article{diez2002computing,
  title={Computing three-dimensional thin film flows including contact lines},
  author={Diez, Javier A and Kondic, L},
  journal={Journal of Computational Physics},
  volume={183},
  number={1},
  pages={274--306},
  year={2002},
  publisher={Elsevier}
}

@article{veremieiev2012electrified,
  title={Electrified thin film flow at finite Reynolds number on planar substrates featuring topography},
  author={Veremieiev, Sergii and Thompson, HM and Scholle, M and Lee, Yeaw Chu and Gaskell, PH},
  journal={International journal of multiphase flow},
  volume={44},
  pages={48--69},
  year={2012},
  publisher={Elsevier}
}

@article{altshuler2016free,
  title={Free films of a partially wetting liquid under the influence of a propagating MHz surface acoustic wave},
  author={Altshuler, Gennady and Manor, Ofer},
  journal={Physics of Fluids},
  volume={28},
  number={7},
  pages={072102},
  year={2016},
  publisher={AIP Publishing LLC}
}