@article{stillwagon1988,
    author = {Stillwagon,L. E.  and Larson,R. G. },
    title = {Fundamentals of topographic substrate leveling},
    journal = {Journal of Applied Physics},
    volume = {63},
    number = {11},
    pages = {5251-5258},
    year = {1988},
    doi = {10.1063/1.340388},
    URL = {https://doi.org/10.1063/1.340388},
    eprint = {https://doi.org/10.1063/1.340388}
}

@book{veremieiev2011gravity,
  title={Gravity-driven continuous thin film flow over topography},
  author={Veremieiev, Sergii},
  year={2011},
  publisher={University of Leeds}
}

@article{kalliadasis2000steady,
  title={Steady free-surface thin film flows over topography},
  author={Kalliadasis, Serafim and Bielarz, Catherine and Homsy, GM},
  journal={Physics of Fluids},
  volume={12},
  number={8},
  pages={1889--1898},
  year={2000},
  publisher={American Institute of Physics}
}

@article{kondic2003instabilities,
  title={Instabilities in gravity driven flow of thin fluid films},
  author={Kondic, Lou},
  journal={Siam review},
  volume={45},
  number={1},
  pages={95--115},
  year={2003},
  publisher={SIAM}
}