@article{kalliadasis2000steady,
  title={Steady free-surface thin film flows over topography},
  author={Kalliadasis, Serafim and Bielarz, Catherine and Homsy, GM},
  journal={Physics of Fluids},
  volume={12},
  number={8},
  pages={1889--1898},
  year={2000},
  publisher={American Institute of Physics}
}

@article{kondic2003instabilities,
  title={Instabilities in gravity driven flow of thin fluid films},
  author={Kondic, Lou},
  journal={Siam review},
  volume={45},
  number={1},
  pages={95--115},
  year={2003},
  publisher={SIAM}, 
  doi={10.1137/S003614450240135}, 
  URL={https://doi.org/10.1137/S003614450240135}
}

@article{shiokawa1994saw, 
  title={The Dynamics of SAW Streaming and its Application to Fluid Devices}, 
  volume={360}, 
  DOI={10.1557/PROC-360-53},
  journal={MRS Proceedings}, 
  publisher={Cambridge University Press}, 
  author={Shiokawa, Showko and Matsui, Yoshikazu}, 
  year={1994}, 
  pages={53}
}